@misc {robocom_program,
author = {Dennis C. Bemmann},
title = {RoboCom},
url = {http://liacs.leidenuniv.nl/~kosterswa/AI/robocomws.exe},
note = {3.00},
urldate = {2019-03-28}
},

@misc {robocom_docs,
author = {Dennis C. Bemmann},
title = {RoboCom Documentatie},
year = {2019},
month = {09},
url = {http://liacs.leidenuniv.nl/~kosterswa/AI/handleidingrob.html},
urldate = {2019-04-2}
} 
