@incollection{Shannon:1988,
 author = {Shannon, C. E.},
 chapter = {Programming a Computer for Playing Chess},
 title = {Computer Chess Compendium},
 editor = {Levy, David},
 year = {1988},
 isbn = {0-387-91331-9},
 pages = {2--13},
 numpages = {12},
 url = {http://dl.acm.org/citation.cfm?id=61701.67002},
 acmid = {67002},
 publisher = {Springer-Verlag},
 address = {Berlin, Heidelberg},
}